@article{Benner, 
title={Synthetic biology: Act natural}, 
volume={421}, 
DOI={10.1038/421118a}, 
number={6919}, 
journal={Nature}, 
author={Benner, Steven A.}, 
year={2003}, 
pages={118-118}} 

@article{fishboneCR,
  title={A bioinspired fishbone continuum robot with rigid-flexible-soft coupling structure},
  author={Zhou, Pan and Yao, Jiantao and Zhang, Shuai and Wei, Chunjie and Zhang, Hongyu and Qi, Shupeng},
  journal={Bioinspiration \& Biomimetics},
  volume={17},
  number={6},
  pages={066012},
  year={2022},
  publisher={IOP Publishing}
}