@article{benner_2003, 
title={Synthetic biology: Act natural}, 
volume={421}, 
DOI={10.1038/421118a}, 
number={6919}, 
journal={Nature}, 
author={Benner, Steven A.}, 
year={2003}, 
pages={118-118}} 